01REMESSA01COBRANCA       000000123456        EMPRESA EXEMPLO LTDA          336               160426        000000123456                                                                                                                                                                                                                                                                          00000001000001
10212345678000100000000123456                                                     336                     100100000000001605260000000012345        01N160426000000000000000000000000000000000000000000       00000000000000100012345678900CLIENTE TESTE                           RUA EXEMPLO 123                         CENTRO      01000000SAO PAULO      SP                              000 000000   000002
9                                                                                                                                                                                                                                                                                                                                                                                                         000003
