00100000         212345678000100001234567001417019  0123430000000123455 EMPRESA EXEMPLO LTDA          BANCO DO BRASIL SA                      116042026035101000001083000000000000000000000000000000000000000000000                             
00100011R01  042 2012345678000100001234567001417019  0123430000000123455 EMPRESA EXEMPLO LTDA                                                                                          000000011604202600000000                                 
0010001300001P 010123430000000123455 12345670000000001   71 000000000000000001605202600000000001234500000 02N16042026300000000000000000000000000000000000000000000000000000000000000000000000000000                         3000000090000000000 
0010001300002Q 011000012345678900CLIENTE TESTE                           RUA EXEMPLO 123                         CENTRO         01000000SAO PAULO      SP0000000000000000                                        000                            
0010001300003R 01000000000000000000000000000000000000000000000000000000000000000000000000                                                                                                              0000000000000000 000000000000  0         
00100015         0000050000000000000000000000000000000000000000000000000000000000000000000000000000000000000000000000000000000000000000000000000000000000000000000000000000000000000000000000000000000000000000000000000000000000000000000000000
00199999         000001000007                                                                                                                                                                                                                   
