01REMESSA01COBRANCA       00000000000000012345EMPRESA EXEMPLO LTDA          237BRADESCO       160426        MX0000001                                                                                                                                                                                                                                                                                     000001
1000000000000000000000090123412345676                         0000000000000000001100000000002N           2  01          16052600000000123450000000001N160426000000000000000000000000000000000000000000000000000000000000000100012345678900CLIENTE TESTE                           RUA EXEMPLO, 123, SAO PAULO/SP                      01000000                                                            000002
800011000000001234510000000000001234510000212345678000100                                                               TXID20260416001                                                                                                                                                                                                                                                                   000003
9                                                                                                                                                                                                                                                                                                                                                                                                         000004
