10400000         2123456780001000000000000000000000001234012345600000000EMPRESA EXEMPLO LTDA          CAIXA ECONOMICA FEDERAL                 11604202603411100000105000000                    REMESSA-PRODUCAO    1000                         
10400011R0100030 20123456780001001234560000000000000001234012345600000000EMPRESA EXEMPLO LTDA                                                                                          000000011604202600000000                                 
1040001300001P 0101234012345600000000000140000000000000011122000000000000    1605202600000000001234500000099N1604202630000000000000000000000000000000000000000000000000000000000000000000000000000000000000000              3001120090000000000 
1040001300002Q 011000012345678900CLIENTE TESTE                           RUA EXEMPLO 123                         CENTRO         01000000SAO PAULO      SP0000000000000000                                        000                            
1040001300003R 01000000000000000000000000000000000000000000000000000000000000000000000000                                                                                                                                                       
1040001300004Y  0300000    212345678000100                                                               TXID20260416001                                                                                                                        
10400015         000006000000000000000000000000000000000000000000000000000000000000000000000                                                                                                                                                    
10499999         000001000007                                                                                                                                                                                                                   
