01REMESSA01COBRANCA       123400123456        EMPRESA EXEMPLO LTDA          341BANCO ITAU SA  160426                                                                                                                                                                                                                                                                                                      000001
10212345678000100123400123456    0000                         000000010000000000000109                     I01000000000016052600000000123453410000001N160426000000000000000000000000000000000000000000000000000000000000000100012345678900CLIENTE TESTE                           RUA EXEMPLO 123                         CENTRO      01000000SAO PAULO      SP                                  00000003 000002
9                                                                                                                                                                                                                                                                                                                                                                                                         000003
