01REMESSA01COBRANCA       17777751042700080112EMPRESA EXEMPLO LTDA          033SANTANDER      1604260000000000000000                                                                                                                                                                                                                                                                                   058000001
1021234567800010017777751042700080112                         00000001000000 00000000000000000000    000000101000000000016052600000000123450330000001N160426000000000000000000000000000000000000000000000000000000000000000100012345678900CLIENTE TESTE                           RUA EXEMPLO 123                         CENTRO      01000000SAO PAULO      SP                               I98      00 000002
800011000000001234510000000000001234510000212345678000100                                                               TXID20260416001                                                                                                                                                                                                                                                                   000003
9000004000000001234500000000000000000000000000000000000000000000000000000000000000000000000000000000000000000000000000000000000000000000000000000000000000000000000000000000000000000000000000000000000000000000000000000000000000000000000000000000000000000000000000000000000000000000000000000000000000000000000000000000000000000000000000000000000000000000000000000000000000000000000000000000000000000004
