75600000         212345678000100                    0123430000123456789 EMPRESA EXEMPLO LTDA          SICOOB                                  11604202603510100000108100000                                                                     
75600011R01  040 2012345678000100                    0123430000123456789 EMPRESA EXEMPLO LTDA                                                                                          000000011604202600000000                                 
7560001300001P 010123430000123456789 000000000101014     10 220000000000000001605202600000000001234500000 02N16042026300000000000000000000000000000000000000000000000000000000000000000000000000000                         3000   090000000000 
7560001300002Q 011000012345678900CLIENTE TESTE                           RUA EXEMPLO 123                         CENTRO         01000000SAO PAULO      SP0000000000000000                                        000                            
7560001300003R 01000000000000000000000000000000000000000000000000000000000000000000000000                                                                                                              0000000000000000 000000000000  0         
7560001300004Y  0300000    212345678000100                                                               TXID20260416001                                                                                                                        
75600015         00000600000100000000000012345000000000000000000000000000000000000000000000000000000000000000000000                                                                                                                             
75699999         000001000007000000                                                                                                                                                                                                             
